% Encoding: UTF-8

@article{Chenjing,
  title={Tracking a moving target in cluttered environments using a quadrotor},
  DOI={10.1109/iros.2016.7759092},
  journal={2016 IEEE/RSJ International Conference on Intelligent Robots and Systems (IROS)},
  author={Chen, Jing and Liu, Tianbo and Shen, Shaojie},
  year={2016}
}

@article{Predator,
  title={Animal Vigilance and Group Size: Empirical Findings},
  DOI={10.1016/b978-0-12-801983-2.00006-1},
  journal={Animal Vigilance},
  author={Beauchamp, Guy},
  year={2015},
  pages={141-154}
}

@article{Foraging,
  title={Fish in larger shoals find food faster},
  volume={10},
  DOI={10.1007/bf00300175},
  number={2},
  journal={Behavioral Ecology and Sociobiology},
  author={Pitcher, T. J. and Magurran, A. E. and Winfield, I. J.},
  year={1982},
  pages={149-151}
}

@article{Propagation,
  title={Imperfect female choice and male mating skew on leks of different sizes},
  volume={45},
  DOI={10.1007/s002650050562},
  number={3-4},
  journal={Behavioral Ecology and Sociobiology},
  author={Johnstone, Rufus A. and Earn, David J. D.},
  year={1999},
  pages={277-281}
}

@incollection{Cai2012,
  doi = {10.1007/978-3-642-34387-2_49},
  url = {https://doi.org/10.1007/978-3-642-34387-2_49},
  year = {2012},
  publisher = {Springer Berlin Heidelberg},
  pages = {429-438},
  author = {Da Cai and Jian Sun and Sentang Wu},
  title = {{UAVs} Formation Flight Control Based on Behavior and Virtual Structure},
  booktitle = {{AsiaSim} 2012}
}

@article{Askari2015,
  doi = {10.1061/(asce)as.1943-5525.0000351},
  url = {https://doi.org/10.1061/(asce)as.1943-5525.0000351},
  year = {2015},
  month = jan,
  publisher = {American Society of Civil Engineers ({ASCE})},
  volume = {28},
  number = {1},
  pages = {04014047},
  author = {A. Askari and M. Mortazavi and H. A. Talebi},
  title = {{UAV} Formation Control via the Virtual Structure Approach},
  journal = {Journal of Aerospace Engineering}
}

@article{KNN,
  doi = {10.1016/j.sysconle.2014.04.004},
  url = {https://doi.org/10.1016/j.sysconle.2014.04.004},
  year = {2014},
  month = jul,
  publisher = {Elsevier {BV}},
  volume = {69},
  pages = {53--61},
  author = {Samuel Martin},
  title = {Multi-agent flocking under topological interactions},
  journal = {Systems {\&} Control Letters}
}

@article{PNAS,
  doi = {10.1073/pnas.0711437105},
  url = {https://doi.org/10.1073/pnas.0711437105},
  year = {2008},
  month = jan,
  publisher = {Proceedings of the National Academy of Sciences},
  volume = {105},
  number = {4},
  pages = {1232--1237},
  author = {M. Ballerini and N. Cabibbo and R. Candelier and A. Cavagna and E. Cisbani and I. Giardina and V. Lecomte and A. Orlandi and G. Parisi and A. Procaccini and M. Viale and V. Zdravkovic},
  title = {Interaction ruling animal collective behavior depends on topological rather than metric distance: Evidence from a field study},
  journal = {Proceedings of the National Academy of Sciences}
}

@article{CuckerDong2016,
  doi = {10.1142/s0218202516500639},
  url = {https://doi.org/10.1142/s0218202516500639},
  year = {2016},
  month = dec,
  publisher = {World Scientific Pub Co Pte Lt},
  volume = {26},
  number = {14},
  pages = {2685-2708},
  author = {Felipe Cucker and Jiu-Gang Dong},
  title = {On flocks influenced by closest neighbors},
  journal = {Mathematical Models and Methods in Applied Sciences}
}

@inproceedings{Snap,
  doi = {10.1109/icra.2011.5980409},
  url = {https://doi.org/10.1109/icra.2011.5980409},
  year = {2011},
  month = may,
  publisher = {{IEEE}},
  author = {Daniel Mellinger and Vijay Kumar},
  title = {Minimum snap trajectory generation and control for quadrotors},
  booktitle = {2011 {IEEE} International Conference on Robotics and Automation}
}

@article{GRASP,
  doi = {10.1109/mra.2010.937855},
  url = {https://doi.org/10.1109/mra.2010.937855},
  year = {2010},
  month = sep,
  publisher = {Institute of Electrical and Electronics Engineers ({IEEE})},
  volume = {17},
  number = {3},
  pages = {56-65},
  author = {Nathan Michael and Daniel Mellinger and Quentin Lindsey and Vijay Kumar},
  title = {The {GRASP} Multiple Micro-{UAV} Testbed},
  journal = {{IEEE} Robotics {\&} Automation Magazine}
}

@article{Vicsek1995,
  title={Novel Type of Phase Transition in a System of Self-Driven Particles},
  volume={75},
  DOI={10.1103/physrevlett.75.1226},
  number={6},
  journal={Physical Review Letters},
  author={Vicsek, Tamás and Czirók, András and Ben-Jacob, Eshel and Cohen, Inon and Shochet, Ofer},
  year={1995},
  pages={1226-1229}
}

@article{Martin2017,
  title={Coherent swarming of unmanned micro aerial vehicles with minimum computational and communication requirements},
  DOI={10.1109/ecmr.2017.8098702},
  journal={2017 European Conference on Mobile Robots (ECMR)},
  author={Brandtner, Daniel and Saska, Martin},
  year={2017}
}

@inproceedings{Behavior2004,
  doi = {10.1109/isic.2004.1387674},
  url = {https://doi.org/10.1109/isic.2004.1387674},
  publisher = {{IEEE}},
  author = {Miaobo Dong and  Zengqi Sun},
  title = {A behavior-based architecture for unmanned aerial vehicles},
  booktitle = {Proceedings of the 2004 {IEEE} International Symposium on Intelligent Control, 2004.}
}

@article{Virtual2008,
  title={Distributed coordination architecture for multi-robot formation control},
  volume={56},
  DOI={10.1016/j.robot.2007.08.005},
  number={4},
  journal={Robotics and Autonomous Systems},
  author={Ren, Wei and Sorensen, Nathan},
  year={2008},
  pages={324-333}
}

@article{Saber2006,
  title={Flocking for Multi-Agent Dynamic Systems: Algorithms and Theory},
  volume={51},
  DOI={10.1109/tac.2005.864190},
  number={3},
  journal={IEEE Transactions on Automatic Control},
  author={Olfati-Saber, R.},
  year={2006},
  pages={401-420}
}

@article{Martin2014,
  title={Swarms of micro aerial vehicles stabilized under a visual relative localization},
  DOI={10.1109/icra.2014.6907374},
  journal={2014 IEEE International Conference on Robotics and Automation (ICRA)},
  author={Saska, Martin and Vakula, Jan and Preucil, Libor},
  year={2014}
}

@article{Wingman,
  title={Communication free leader-follower formation control of unmanned aircraft systems},
  volume={80},
  DOI={10.1016/j.robot.2016.03.008},
  journal={Robotics and Autonomous Systems},
  author={Dehghani, Mohammad A. and Menhaj, Mohammad B.},
  year={2016},
  pages={69-75}
}

@article{Zhang2018,
  title={Unmanned Aerial Vehicle Formation Inspired by Bird Flocking and Foraging behavior},
  volume={15},
  DOI={10.1007/s11633-017-1111-x},
  number={4},
  journal={International Journal of Automation and Computing},
  author={Zhang, Tian-Jie},
  year={2018},
  pages={402-416}
}

@article{Swarm2018,
  doi = {10.1109/tro.2018.2857475},
  url = {https://doi.org/10.1109/tro.2018.2857475},
  year = {2018},
  month = aug,
  publisher = {Institute of Electrical and Electronics Engineers ({IEEE})},
  volume = {34},
  number = {4},
  pages = {837-855},
  author = {Soon-Jo Chung and Aditya Avinash Paranjape and Philip Dames and Shaojie Shen and Vijay Kumar},
  title = {A Survey on Aerial Swarm Robotics},
  journal = {{IEEE} Transactions on Robotics}
}

@article{Aruco,
  doi = {10.1016/j.imavis.2018.05.004},
  url = {https://doi.org/10.1016/j.imavis.2018.05.004},
  year = {2018},
  month = aug,
  publisher = {Elsevier {BV}},
  volume = {76},
  pages = {38-47},
  author = {Francisco J. Romero-Ramirez and Rafael Mu{\~{n}}oz-Salinas and Rafael Medina-Carnicer},
  title = {Speeded up detection of squared fiducial markers},
  journal = {Image and Vision Computing}
}

@article{VINS,
  title={VINS-Mono: A Robust and Versatile Monocular Visual-Inertial State Estimator},
  author={Qin, Tong and Li, Peiliang and Shen, Shaojie},
  journal={IEEE Transactions on Robotics},
  year={2018},
  volume={34},
  number={4},
  pages={1004-1020}
}

@misc{Jeon2019,
  Author = {Boseong Felipe Jeon and H. Jin Kim},
  Title = {Online Trajectory Generation of a MAV for Chasing a Moving Target in 3D Dense Environments},
  Year = {2019},
  Eprint = {arXiv:1904.03421},
}

@article{AStar1972,
  title={A Formal Basis for the Heuristic Determination of Minimum Cost Paths},
  DOI={10.1145/1056777.1056779},
  number={37},
  journal={ACM SIGART Bulletin},
  author={Hart, Peter E. and Nilsson, Nils J. and Raphael, Bertram},
  year={1972},
  pages={28-29}
}

@article{Vicsek2018,
  title={Optimized flocking of autonomous drones in confined environments},
  volume={3},
  DOI={10.1126/scirobotics.aat3536},
  number={20},
  journal={Science Robotics},
  author={Vásárhelyi, Gábor and Virágh, Csaba and Somorjai, Gergo and Nepusz, Tamás and Eiben, Agoston E. and Vicsek, Tamás},
  year={2018}
}

@article{CuckerDong2010,
  title={Avoiding Collisions in Flocks},
  volume={55},
  DOI={10.1109/tac.2010.2042355},
  number={5},
  journal={IEEE Transactions on Automatic Control},
  author={Cucker, Felipe and Dong, Jiu-Gang},
  year={2010},
  pages={1238-1243}
}

@article{CuckerSmale2007,
  title={Emergent Behavior in Flocks},
  volume={52},
  DOI={10.1109/tac.2007.895842},
  number={5},
  journal={IEEE Transactions on Automatic Control},
  author={Cucker, Felipe and Smale, Steve},
  year={2007},
  pages={852-862}
}

@article{Reynolds1987,
  author = {Reynolds, Craig W.},
  title = {Flocks, Herds and Schools: A Distributed Behavioral Model},
  journal = {SIGGRAPH Comput. Graph.},
  issue_date = {July 1987},
  volume = {21},
  number = {4},
  month = aug,
  year = {1987},
  issn = {0097-8930},
  pages = {25-34},
  numpages = {10},
  url = {http://doi.acm.org/10.1145/37402.37406},
  doi = {10.1145/37402.37406},
  acmid = {37406},
  publisher = {ACM},
  address = {New York, NY, USA},
}
